@article{Sharma2023,
  author  = {Sharma, S.},
  title   = {Artificial intelligence for fracture diagnosis in orthopedic X-rays: current developments and future potential},
  journal = {SICOT J},
  year    = {2023},
  volume  = {9},
  pages   = {21},
  doi     = {10.1051/sicotj/2023018},
  url     = {https://www.ncbi.nlm.nih.gov/pmc/articles/PMC10324466/},
  note    = {Epub 2023 Jul 6. PMID: 37409882; PMCID: PMC10324466.}
}

@article{Kuo2022AI,
  author  = {Kuo, Rachel Y.L. and Harrison, Conrad and Curran, Terry-Ann and Jones, Benjamin and Freethy, Alexander and Cussons, David and Stewart, Max and Collins, Gary                             S. and Furniss, Dominic},
  title   = {Artificial Intelligence in Fracture Detection: A Systematic Review                     and Meta-Analysis},
  journal = {Radiology},
  volume  = {304},
  number  = {1},
  pages   = {50-62},
  year    = {2022},
  doi     = {10.1148/radiol.211785},
  note    = {PMID: 35348381},
  url     = {https://doi.org/10.1148/radiol.211785}
}

@article{Guermazi2022AI,
  author  = {Guermazi, Ali and Tannoury, Chadi and Kompel, Andrew                             J. and Murakami, Akira                             M. and Ducarouge, Alexis and Gillibert, Andr\'{e} and Li, Xinning and Tournier, Antoine and Lahoud, Youmna and Jarraya, Mohamed and Lacave, Elise and Rahimi, Hamza and Pourchot, Alo\"{\i}s and Parisien, Robert                             L. and Merritt, Alexander                             C. and Comeau, Douglas and Regnard, Nor-Eddine and Hayashi, Daichi},
  title   = {Improving Radiographic Fracture Recognition Performance and                     Efficiency Using Artificial Intelligence},
  journal = {Radiology},
  volume  = {302},
  number  = {3},
  pages   = {627-636},
  year    = {2022},
  doi     = {10.1148/radiol.210937},
  note    = {PMID: 34931859},
  url     = {https://doi.org/10.1148/radiol.210937}
}

@article{KIM2018439,
  title   = {Artificial intelligence in fracture detection: transfer learning from deep convolutional neural networks},
  journal = {Clinical Radiology},
  volume  = {73},
  number  = {5},
  pages   = {439-445},
  year    = {2018},
  issn    = {0009-9260},
  doi     = {https://doi.org/10.1016/j.crad.2017.11.015},
  url     = {https://www.sciencedirect.com/science/article/pii/S0009926017305354},
  author  = {D.H. Kim and T. MacKinnon}
}

@article{Olczak2017AIOrtho,
  title     = {Artificial intelligence for analyzing orthopedic trauma radiographs},
  journal   = {Acta Orthopaedica},
  volume    = {88},
  number    = {6},
  pages     = {581-586},
  year      = {2017},
  publisher = {Taylor & Francis},
  doi       = {10.1080/17453674.2017.1344459},
  note      = {PMID: 28681679},
  url       = {https://doi.org/10.1080/17453674.2017.1344459},
  eprint    = {https://doi.org/10.1080/17453674.2017.1344459}
}

@article{Hofmann2023,
  author  = {Hofmann, B. and Brandsaeter, IØ. and Kjelle, E.},
  title   = {Variations in wait times for imaging services: a register-based study of self-reported wait times for specific examinations in Norway},
  journal = {BMC Health Serv Res},
  year    = {2023},
  volume  = {23},
  number  = {1},
  pages   = {1287},
  doi     = {10.1186/s12913-023-10284-2},
  note    = {PMID: 37996873; PMCID: PMC10666297},
  url     = {https://doi.org/10.1186/s12913-023-10284-2}
}

Little KJ, Reiser I, Liu L, Kinsey T, Sánchez AA, Haas K, Mallory F, Froman C, Lu ZF. Unified Database for Rejected Image Analysis Across Multiple Vendors in Radiography. J Am Coll Radiol. 2017 Feb;14(2):208-216. doi: 10.1016/j.jacr.2016.07.011. Epub 2016 Sep 20. PMID: 27663061.

@article(BMC2017,
  author  = {Little, K.J. and Reiser, I. and Liu, L. and Kinsey, T. and S\'{a}nchez, A.A. and Haas, K. and Mallory, F. and Froman, C. and Lu, Z.F.},
  title   = {Unified Database for Rejected Image Analysis Across Multiple Vendors in Radiography},
  journal = {J Am Coll Radiol},
  year    = {2017},
  volume  = {14},
  number  = {2},
  pages   = {208-216},
  doi     = {10.1016/j.jacr.2016.07.011},
  note    = {Epub 2016 Sep 20. PMID: 27663061}
)

Oppenheimer J, Lüken S, Hamm B, Niehues SM. A Prospective Approach to Integration of AI Fracture Detection Software in Radiographs into Clinical Workflow. Life (Basel). 2023 Jan 13;13(1):223. doi: 10.3390/life13010223. PMID: 36676172; PMCID: PMC9864518.

@article(BoneView,
  author  = {Oppenheimer, J. and L\"{u}ken, S. and Hamm, B. and Niehues, S.M.},
  title   = {A Prospective Approach to Integration of AI Fracture Detection Software in Radiographs into Clinical Workflow},
  journal = {Life (Basel)},
  year    = {2023},
  volume  = {13},
  number  = {1},
  pages   = {223},
  doi     = {10.3390/life13010223},
  note    = {PMID: 36676172; PMCID: PMC9864518}
)

@misc{lewis2021retrievalaugmented,
  title         = {Retrieval-Augmented Generation for Knowledge-Intensive NLP Tasks},
  author        = {Patrick Lewis and Ethan Perez and Aleksandra Piktus and Fabio Petroni and Vladimir Karpukhin and Naman Goyal and Heinrich Küttler and Mike Lewis and Wen-tau Yih and Tim Rocktäschel and Sebastian Riedel and Douwe Kiela},
  year          = {2021},
  eprint        = {2005.11401},
  archiveprefix = {arXiv},
  primaryclass  = {cs.CL}
}

@article{FracAtlas,
  author  = {Abedeen, Iftekharul and Rahman, Md and Prottyasha, Fatema and Ahmed, Tasnim and Chowdhury, Tareque and Shatabda, Swakkhar},
  year    = {2023},
  month   = {08},
  pages   = {},
  title   = {FracAtlas: A Dataset for Fracture Classification, Localization and Segmentation of Musculoskeletal Radiographs},
  volume  = {10},
  journal = {Scientific Data},
  doi     = {10.1038/s41597-023-02432-4}
}


@misc{VCH,
  author       = {{Vancouver Coastal Health}},
  year         = {2024},
  title        = {{X-Ray}},
  howpublished = {\url{https://www.vch.ca/en/service/x-ray#short-description--6916}},
  note         = {Online; accessed 29 January 2024}
} 
